<?xml version="1.0" encoding="UTF-8"?><record xmlns="http://www.loc.gov/MARC21/slim" xmlns:cinclude="http://apache.org/cocoon/include/1.0" xmlns:zs="http://www.loc.gov/zing/srw/">
  <leader>00705cz  a2200181n  4500</leader>
  <controlfield tag="001">nr2007003355</controlfield>
  <controlfield tag="003">DLC</controlfield>
  <controlfield tag="005">20080914082233.0</controlfield>
  <controlfield tag="008">070215n| acannaabn          |b aaa     c</controlfield>
  <datafield tag="010" ind1=" " ind2=" ">
    <subfield code="a">nr2007003355</subfield>
  </datafield>
  <datafield tag="035" ind1=" " ind2=" ">
    <subfield code="a">(OCoLC)oca07332328</subfield>
  </datafield>
  <datafield tag="040" ind1=" " ind2=" ">
    <subfield code="a">NNC-EA</subfield>
    <subfield code="b">eng</subfield>
    <subfield code="c">NNC-EA</subfield>
    <subfield code="d">OCoLC</subfield>
  </datafield>
  <datafield tag="100" ind1="1" ind2=" ">
    <subfield code="a">Kageyama, Kyōshun,</subfield>
    <subfield code="d">1951-</subfield>
  </datafield>
  <datafield tag="400" ind1="1" ind2=" ">
    <subfield code="a">影山敎俊,</subfield>
    <subfield code="d">1951-</subfield>
  </datafield>
  <datafield tag="400" ind1="1" ind2=" ">
    <subfield code="a">影山教俊,</subfield>
    <subfield code="d">1951-</subfield>
  </datafield>
  <datafield tag="667" ind1=" " ind2=" ">
    <subfield code="a">Machine-derived non-Latin script reference project.</subfield>
  </datafield>
  <datafield tag="667" ind1=" " ind2=" ">
    <subfield code="a">Non-Latin script references not evaluated.</subfield>
  </datafield>
  <datafield tag="670" ind1=" " ind2=" ">
    <subfield code="a">Nichirenshū to wa nani ka, 2005:</subfield>
    <subfield code="b">t.p. (Kageyama Kyōshun) colophon (r; b. 1951; Ph.D. in behavioral sciences, Univ. of Southern California; lecturer, Motoyama Ningen Kagaku Daigakuin)</subfield>
  </datafield>
</record>